3038 5138
153 252 213 317 15⁰2
465 266 661 317 confulento
683 267 916 316 lornsnumlsnl
938 267 1056 317 onrtlcl.

149 394 256 478 ltaque
281 410 335 459 nec
361 392 411 458 liic
434 400 492 471 est,
516 411 580 478 quo
603 391 757 477 dogmatis
779 391 917 459 novitate
947 391 1077 478 gloriari
1108 392 1242 478 possitis.
1264 393 1340 461 Nonne

149 498 246 584 igitur
270 499 321 565 liic
344 516 471 583 quoque
494 498 659 577 articulus,
678 498 774 595 tot-ies
798 497 858 563 iam
876 498 1054 565 haereticus
1075 498 1230 565 maiorum
1244 498 1340 566 calonis

149 605 374 672 condemnatus
397 612 429 671 el
452 623 470 671 a
494 605 582 671 robis
604 622 663 690 pro
692 612 797 671 restro
827 603 963 691 agnitus,
987 604 1160 673 iustissime
1183 604 1266 672 robis
1284 605 1339 672 olle

149 721 220 778 ctus
242 718 309 778 est‘l

583 923 789 991 lurtct'tus
811 922 944 991 NONUS.

236 1135 369 1201 Tantum
391 1133 455 1202 duo
477 1153 546 1202 esse
568 1142 773 1216 sacramenta,
797 1134 986 1220 baptismum
1009 1140 1042 1201 et
1066 1133 1338 1212 Eucharistiam,ce·

150 1248 217 1307 tera
239 1259 315 1307 vero
340 1241 479 1309 liumana
502 1258 570 1308 esse
594 1241 752 1325 figmenta.

675 1448 850 1541 Responsio.

238 1666 395 1731 l'ocalurlo
417 1664 603 1731 sacramenti
635 1663 803 1749 significari
838 1670 970 1749 possum
998 1664 1106 1731 omnia
1127 1681 1224 1749 opera
1244 1658 1340 1735 Christi,

149 1771 240 1837 morlo
263 1772 370 1838 stricte
393 1779 424 1836 et
447 1771 639 1837 contentioso
662 1770 845 1855 accipiatur.
869 1770 927 1837 Sed
951 1770 977 1837 si
1001 1770 1179 1839 secuudum
1195 1788 1282 1837 usum
1296 1766 1342 1832 rul-
1385 1818 1387 1849 ,

148 1895 254 1962 garem
290 1894 463 1956 snruamus,
498 1885 619 1943 lantum
654 1876 718 1942 duo
748 1884 823 1943 sunt
856 1884 1053 1943 sacramenta
1083 1877 1157 1942 novi
1189 1870 1343 1945 testamenti,
1385 1862 1387 1867 ’

148 1985 378 2070 scripturarum
416 1983 593 2050 testimonio
632 1983 778 2061 stabilita,
814 1982 989 2068 baptismus
1022 1990 1054 2050 el
1092 1976 1344 2049 circumtectae

149 2092 293 2157 Clrristus
315 2110 334 2157 a
355 2108 388 2157 se
413 2089 554 2155 instituta
578 2108 636 2155 suo
661 2090 757 2157 verbo
792 2096 941 2175 unquam
964 2087 1028 2157 duo
1050 2096 1188 2156 externa
1209 2089 1292 2174 sigua
1307 2102 1343 2168 ap

148 2199 262 2282 posuit,
288 2204 323 2263 ul
345 2196 627 2263 commonefaceret
650 2214 706 2261 nos
742 2214 798 2280 per
828 2214 865 2262 ea
887 2195 937 2262 sui
962 2194 1120 2281 promissi,
1143 2212 1185 2263 ac·
1203 2195 1241 2262 de
1262 2190 1346 2279 gnta,

149 2304 362 2370 misericordia
385 2311 417 2370 el
448 2311 645 2387 percalorum
671 2302 863 2381 remissione,
895 2301 991 2370 ueluti
1015 2304 1073 2387 per
1096 2302 1290 2378 arrabonem,
1309 2311 1347 2363 nos

149 2411 298 2475 certiores
321 2410 436 2476 laceret
455 2428 491 2475 nc
509 2408 601 2475 linem
617 2409 734 2475 laceret
748 2427 806 2475 suo
822 2410 969 2475 sermoni.
987 2408 1116 2488 Verum,
1132 2409 1279 2494 quoniam
1294 2407 1346 2472 lm

149 2515 332 2581 sacramenti
359 2514 439 2580 ratio
463 2521 494 2581 et
517 2514 653 2579 comlitio
677 2515 706 2580 in
730 2514 800 2579 aliis
822 2514 964 2600 utrinque
986 2532 1048 2581 uon
1085 2514 1255 2599 reperitur,
1277 2530 1294 2577 a
1316 2524 1349 2574 sa·

148 2630 380 2687 manuntorum
399 2638 530 2687 numero
553 2639 589 2686 ea
610 2620 824 2704 repudiamus,
842 2628 991 2706 tanquam
1008 2638 1096 2686 mera
1109 2620 1274 2687 -liominum
1289 2631 1349 2683 con·

150 2735 262 2803 nirenta,
287 2735 443 2811 quatenus
466 2726 503 2792 all
528 2726 712 2792 sacramenti
738 2734 883 2792 naturam
907 2727 1027 2805 attinet,
1051 2734 1087 2793 ut
1111 2726 1173 2793 iam
1197 2725 1330 2793 diximus.

668 2931 857 3005 connectio.

239 3152 391 3234 l‘rinciplo
416 3150 548 3215 nominis
572 3149 756 3216 sacramenti
780 3149 1021 3228 distinctionem,
1037 3167 1135 3235 quam
1152 3150 1205 3217 iric
1223 3151 1251 3216 in
1272 3149 1351 3215 fronte

149 3258 356 3342 praeroitlilis,
380 3264 410 3323 ut
435 3256 511 3322 nillil
543 3262 612 3322 erat
642 3256 827 3334 neccessarie,
852 3273 909 3322 nec
932 3273 990 3321 nos
1005 3256 1021 3287 *
1046 3256 1271 3341 ignorabamus
1292 3267 1352 3323 enm,

148 3382 205 3429 nec
230 3364 259 3428 io
283 3364 407 3430 ilirerso
430 3381 524 3430 seusu
547 3363 684 3447 captiose
701 3362 861 3428 trobiscum
886 3362 987 3428 acturi
1013 3378 1159 3441 eramus;
1178 3369 1354 3445 lumenque

149 3469 230 3534 iriam
256 3488 331 3534 sana
354 3478 384 3535 cl
409 3488 482 3535 vern
506 3477 563 3547 est,
590 3469 721 3535 libenter
744 3468 975 3552 amplectimur,
992 3467 1087 3553 idque
1103 3476 1241 3535 mentem
1258 3459 1352 3549 alioqui

149 3584 283 3641 restrum
309 3577 413 3660 plotius
436 3595 529 3661 otram
546 3576 719 3642 orationem
736 3574 941 3653 attendentes,
957 3574 1041 3660 quod
1058 3591 1172 3659 parum
1190 3571 1276 3657 (119)
1293 3567 1354 3656 aptis

148 3682 252 3748 vorbis
274 3682 369 3748 arlimi
394 3683 577 3749 seutentiam
602 3681 774 3767 explicatis.
800 3681 874 3747 Nam
900 3680 986 3764 prior
1007 3679 1059 3746 illa
1075 3679 1163 3747 verbi
1181 3675 1353 3766 significatio

148 3806 210 3871 oua
233 3789 337 3855 nimiu
360 3788 474 3855 coristi
498 3807 594 3873 opera
617 3789 757 3870 :oleoque
781 3787 929 3871 mysteria
952 3784 1082 3871 quaevis
1097 3786 1160 3851 alia
1181 3788 1354 3853 sacramenta

148 3894 206 3958 clici
234 3901 373 3977 possunt,
399 3895 458 3959 lala
481 3902 528 3959 cst
552 3902 581 3959 et
605 3893 717 3975 alrrrplo.
745 3893 822 3958 lluec
838 3900 943 3958 autem
961 3891 1126 3976 posterior,
1151 3892 1261 3977 quw
1278 3889 1353 3969 sulm

150 4000 301 4066 llactcnus
319 4001 452 4067 Ecclesia
468 4001 519 4031 *l*
536 4007 654 4083 septem
671 4017 738 4064 esso
756 4007 949 4066 sacramenta
966 3998 1075 4076 credit,
1094 4000 1262 4083 profitetur
1277 4004 1356 4080 atqle

148 4107 246 4183 comt,
280 4126 386 4191 pressu
410 4115 441 4173 ot
464 4108 589 4183 stricta;
616 4107 691 4171 llaec
722 4107 804 4171 onim
838 4107 986 4191 {lauciora
1017 4113 1103 4183 sum,
1128 4107 1180 4172 illa
1206 4124 1279 4173 uero
1301 4102 1361 4189 plu·

149 4214 237 4279 rirnn
263 4218 298 4280 ,lt
321 4215 550 4280 conclusionem
575 4213 685 4278 ‹leimle
710 4231 782 4278 rrrox
808 4232 825 4277 a
849 4212 1046 4278 distinctione
1062 4212 1247 4291 subiectam,
1264 4214 1367 4287 nenrpt

211 4375 220 4392 ⁸
239 4389 269 4419 n:
740 4374 763 4392 ‘⁰
781 4387 858 4431 qrrnrn.

211 4453 246 4475 '⁴‘
263 4454 391 4500 Ecclesiae.
