3038 5138
439 517 533 618 ΑΙ)
567 515 921 618 LECTOREM

283 741 688 863 eannuarro
734 778 1077 866 neironis.

550 1072 816 1087 mm

78 1846 81 1851 ·
173 1811 242 1905 En,
272 1808 441 1888 benevole
468 1809 586 1904 lector,
616 1836 707 1915 opus
735 1811 789 1889 sui
817 1811 953 1914 generis
982 1812 1122 1890 unicum
1161 1813 1220 1890 tibi
1249 1813 1295 1890 ol-

59 1934 188 2013 lertur.
220 1934 283 2012 Est
311 1934 402 2012 enim
423 1933 508 2012 haec
527 1934 724 2013 Conlntatio
744 1961 814 2012 non
835 1935 947 2012 solum
967 1937 1152 2036 Apolapr'a
1172 1940 1295 2015 latina

61 2085 216 2165 prorsus
246 2058 357 2154 unica,
387 2083 477 2164 quae
505 2058 539 2136 in
569 2059 680 2137 Dania
708 2073 828 2138 contra
856 2060 890 2137 id
918 2060 1083 2164 temporis
1110 2074 1295 2140 novatores

62 2185 279 2289 scriptasit,
309 2184 368 2261 sed
398 2184 512 2280 etiam,
543 2198 579 2261 ut
607 2185 687 2263 Clrr.
718 2185 847 2262 Thorn.
878 2183 1095 2288 Engelstolt¹
1124 2186 1197 2264 iure
1226 2213 1295 2264 me-

63 2310 133 2387 rito
164 2309 256 2400 dicit,
295 2334 421 2415 oopus
449 2310 603 2387 omnium
632 2310 820 2387 maximnm
850 2323 884 2387 et
912 2311 1081 2414 optimum
1119 2337 1139 2387 a
1172 2311 1295 2389 Catho-

63 2434 143 2511 licis
171 2434 405 2538 conscriptum
425 2463 461 2510 n.
492 2434 595 2527 Quod
624 2434 764 2539 quidem
794 2433 904 2512 obiter
931 2435 1123 2540 inspicienti
1153 2437 1210 2514 riti
1231 2436 1296 2514 lor·

63 2560 158 2637 sitan
186 2558 230 2636 ad
260 2560 373 2637 solnm
401 2559 533 2637 Daniae
563 2584 708 2662 reguum
738 2559 909 2664 pertinere
936 2560 1125 2657 ritlebitar3
1150 2608 1196 2617 -
1222 2560 1296 2638 illu·
1378 2574 1381 2579 '

63 2697 156 2761 strat
183 2684 273 2761 eninr
303 2698 337 2762 et
374 2683 475 2762 solvit
512 2697 715 2786 argumenta
753 2696 787 2762 et
821 2684 1030 2763 abiectiones
1068 2712 1199 2780 eorum,
1234 2687 1295 2791 qui

64 2809 172 2887 liclem
202 2822 235 2886 et
263 2808 458 2912 religionem
488 2809 522 2885 in
551 2810 680 2886 Doara
708 2834 729 2885 a
757 2823 876 2887 sancto
911 2811 1081 2913 nnsgorm
1117 2836 1227 2912 usqne
1260 2810 1294 2886 in

60 2959 199 3010 annum
237 2937 337 3011 t530
376 2946 577 3036 regnantem
616 2933 820 3012 labefactare
853 2946 887 3011 et
919 2935 1091 3012 eradicare
1125 2933 1296 3011 conaban-

63 3073 145 3136 tur:
177 3104 230 3114 —
257 3071 304 3154 at,
334 3057 430 3164 quod
459 3083 513 3136 res
541 3071 604 3154 est,
635 3083 705 3135 non
735 3060 951 3162 restringitur
969 3059 1033 3136 lroc
1062 3057 1205 3154 ambitu,
1226 3059 1294 3136 imo

60 3187 178 3283 fierem
208 3182 429 3288 prosequitur
458 3185 723 3270 universalem,
751 3186 972 3283 aesearleade'
997 3207 1045 3260 sc.
1082 3185 1293 3260 actareeartr‘·

60 3333 152 3409 pac,
190 3308 301 3407 idque
338 3308 459 3385 armis
495 3331 545 3384 ea·
582 3331 697 3384 saera
737 3309 932 3407 scraprtura
969 3309 1205 3407 petr'sar'raaaa
1238 3312 1296 3385 ale-

60 3433 267 3533 promptia,
305 3441 420 3510 totam
456 3432 644 3510 Ecclesiae
680 3433 886 3509 catholicae
922 3435 1145 3510 doctrinam.
1180 3433 1293 3526 Quem

62 3582 148 3634 rere
178 3555 374 3635 luculenter
401 3569 435 3634 et
463 3556 571 3635 solide
599 3557 665 3634 hoo
694 3556 897 3661 praestiterit
925 3569 1057 3650 auctor,
1086 3557 1120 3634 in
1146 3557 1295 3636 decursu

60 3683 173 3760 totius
202 3680 317 3786 operis
345 3681 544 3786 experieris.
574 3683 666 3783 Lege
695 3706 725 3760 e.
755 3709 786 3783 g.
817 3694 999 3758 tractatum
1029 3686 1073 3759 rle
1096 3686 1244 3760 aorru'ae
1262 3693 1295 3760 et

59 3811 105 3885 ci
131 3806 336 3906 Evangelii
363 3806 434 3912 (pp.
466 3806 613 3909 tre-76),
643 3832 714 3911 qua
734 3806 863 3901 nascio,
884 3831 929 3883 an
949 3807 1032 3911 qaid
1054 3807 1180 3885 clarius
1201 3832 1295 3910 prae-

60 3930 261 4010 stantiusre
300 3930 381 4008 alibi
418 3944 620 4036 reperturus
660 3930 717 4009 sis.
758 3930 882 4008 lisdem
922 3930 1107 4015 virtutibus
1144 3930 1295 4034 gaudent

136 4255 147 4286 ¹
169 4257 353 4309 {reformantes
370 4261 398 4309 et
414 4254 537 4309 Catholici
558 4261 685 4319 tempore,
704 4269 758 4320 quo
771 4268 842 4306 sucro
856 4253 993 4306 emendata
1007 4260 1077 4315 sunt,
1097 4253 1122 4304 in
1144 4253 1222 4305 Duntu
1236 4267 1294 4305 con·

59 4353 208 4402 certantes.
227 4344 345 4398 {laoniae
364 4345 442 4398 l836.
462 4360 487 4411 p.
508 4344 551 4397 25.
571 4359 596 4397 n.
617 4343 660 4396 47.
