3038 5152
284 237 328 306 ll
786 256 1002 307 mrnouucrro.

284 396 344 443 uon
366 379 532 460 imponant,
554 379 609 441 nisi
631 379 656 442 si
679 381 731 460 qui
755 380 825 442 lano
846 380 1032 444 cordatiores
1052 381 1113 443 sint
1134 386 1187 443 aut
1207 379 1489 460 circumspectiores

284 485 379 560 Quem
401 503 460 548 non
482 485 591 560 rident,
612 503 671 548 nou
703 486 876 564 exsibilant,
898 504 957 549 nou
987 493 1104 550 tentant
1131 486 1317 558 mortalium,
1340 487 1493 566 quarulioet

286 593 396 655 virtute
417 592 600 672 praeditum,
621 593 789 673 quamlibet
809 593 999 657 orthodoxae
1031 593 1100 656 ddel
1123 593 1303 657 alumnum?
1324 591 1421 666 Quem
1446 608 1494 652 non

285 707 428 778 separant
448 715 465 761 a
487 700 548 762 llco
563 699 702 779 adeoque
725 702 754 762 in
777 700 1001 763 haereticorum
1016 699 1190 778 catalogum
1204 699 1354 777 relegant,
1370 699 1496 780 qurmr'u

284 804 488 868 Christianum
510 813 541 867 et
560 805 680 869 Christo
703 807 950 870 inauctoratumi
980 805 1088 887 Neque
1119 807 1212 885 igitur
1241 808 1381 884 graviter
1410 820 1496 885 neque

286 911 442 975 molestius
463 912 629 988 serendum,
651 913 804 992 siquidem
825 929 894 976 mco
922 912 1024 976 olilcio
1053 930 1112 976 non
1135 913 1350 994 respondeam,
1374 913 1431 975 lroc
1450 918 1495 987 est

284 1018 308 1080 si
331 1017 423 1080 stulto
445 1019 528 1082 iuxta
550 1019 709 1083 stultitiam
731 1037 817 1082 snam
850 1020 1063 1100 respondeam.
1089 1019 1144 1083 Cui
1178 1020 1256 1082 haec
1284 1019 1445 1082 acerbiora
1465 1018 1498 1078 ri

284 1123 403 1197 deutur,
425 1125 528 1189 iubeat
548 1142 584 1189 ea
616 1126 717 1196 silere,
738 1126 836 1188 donec
868 1126 1033 1207 aliquando
1066 1125 1156 1190 lectio
1179 1127 1346 1189 iucundior
1367 1126 1496 1188 arrideat

285 1230 404 1294 luterim
433 1239 532 1295 tamen
564 1248 602 1296 ex
634 1232 777 1295 omnibus
808 1233 1007 1296 humanitatis
1036 1234 1102 1296 iure
1130 1232 1375 1313 expostulamus,
1398 1241 1496 1294 utnon

283 1338 371 1419 prius
389 1338 534 1402 damnent
553 1347 691 1403 nostrum
713 1338 846 1402 odicium
870 1347 1068 1421 nostramque
1088 1341 1169 1402 hanc
1184 1338 1328 1420 opellam,
1344 1355 1436 1419 qnam
1455 1354 1497 1399 co

283 1446 443 1523 guorerlnt
465 1446 616 1509 universa.
637 1445 713 1509 Nam
745 1447 771 1507 si
803 1445 961 1522 maleficis,
982 1447 1007 1508 si
1029 1446 1191 1524 sortilegis,
1212 1447 1237 1508 si
1263 1446 1389 1508 sicariis
1410 1445 1495 1506 delen

283 1551 374 1615 deudi
396 1552 442 1614 sui
466 1559 601 1631 potestas
620 1553 722 1628 datur,
744 1569 801 1614 cur
823 1569 881 1614 nou
903 1552 1028 1616 dabitur
1050 1552 1081 1615 id
1103 1553 1203 1632 ipsum
1225 1552 1430 1616 orthodoxis?
1448 1567 1494 1613 cur

285 1674 343 1719 non
365 1658 509 1735 optimis?
530 1675 588 1720 cur
609 1675 668 1720 non
691 1659 737 1733 iis,
759 1659 811 1738 qui
841 1658 990 1721 adversus
1021 1659 1131 1721 Clrristi
1164 1659 1335 1722 Ecclesiam
1359 1657 1433 1721 uiuit
1452 1656 1492 1718 nel

285 1763 469 1825 meditantur
484 1765 530 1826 vel
547 1779 707 1843 perperam
725 1772 877 1827 tentarunt
898 1766 1054 1845 unquam?
1075 1765 1138 1827 lmo
1153 1765 1205 1845 qui
1229 1771 1291 1827 tam
1307 1764 1383 1827 huic
1396 1762 1492 1827 addicti

283 1879 362 1943 sunt,
385 1879 416 1932 ut
437 1870 562 1933 mallent
583 1871 664 1933 mille
686 1878 832 1951 oppetere
854 1880 977 1946 mortes,
997 1888 1091 1953 quam
1124 1872 1171 1934 rel
1203 1872 1299 1935 latum
1321 1872 1447 1950 digitum
1467 1871 1488 1931 in

284 1983 489 2040 transversum
512 1977 552 2039 ab
574 1978 632 2040 hac
653 1981 800 2040 moveret

363 2085 400 2164 (d
424 2086 455 2163 t)
477 2058 578 2147 Discat
599 2085 734 2165 prudens
756 2085 860 2155 lector,
882 2085 957 2146 nihil
989 2084 1067 2148 adeo
1100 2102 1154 2147 nos
1186 2085 1326 2148 execrari
1350 2094 1439 2164 atque
1456 2098 1490 2144 se

284 2197 403 2265 otas;....
426 2192 502 2253 sciat
525 2191 614 2271 vulgo
636 2199 794 2271 receptum
816 2207 898 2254 esse:
920 2191 950 2254 Si
974 2191 1076 2272 pergis
1097 2191 1201 2254 dicere
1221 2206 1302 2272 qnae
1325 2192 1381 2265 vis,
1401 2189 1489 2253 audiet

284 2299 374 2361 etiam
396 2314 476 2378 quac
498 2315 556 2360 non
579 2299 653 2360 vis...
677 2298 901 2378 Respondimus
922 2316 978 2378 pro
1009 2299 1136 2361 veritate
1164 2315 1223 2360 non
1253 2298 1353 2361 solum
1375 2295 1491 2378 quaein

285 2404 414 2466 buccam
437 2405 553 2483 primus
575 2405 659 2468 calor
682 2405 815 2483 ingessit,
837 2405 890 2468 sed
922 2421 1002 2486 quae
1034 2405 1182 2468 debemus
1202 2403 1335 2478 Christo,
1356 2421 1431 2486 quae
1449 2401 1493 2463 dc·

286 2510 394 2574 bernus
415 2511 495 2586 tldei,
516 2528 595 2592 quae
617 2511 756 2591 religioni
780 2513 843 2574 toti.
