3038 5152
151 240 193 309 36
462 257 658 308 consonano
680 258 911 307 cnunennursrn
936 259 1056 307 nnnrcr.

150 384 352 471 prudentium
376 382 531 468 pestiferis
554 382 737 450 haeresibus
760 390 918 468 caperent,
943 390 1120 451 mactarent
1144 392 1178 452 et
1203 385 1371 470 perderent,

17 504 56 548 ut·
67 504 87 555 ⁷,
97 503 131 547 1⁵·
149 509 257 559 omnes
281 492 478 576 praemonuit
511 489 675 556 adiiciens:
702 491 826 567 Cavete,
852 490 965 575 inquit,
990 490 1081 557 vodis
1118 511 1142 557 a
1175 493 1368 579 pseudopro

146 596 264 685 plectis,
288 598 347 686 qui
368 597 504 663 veniunt
526 596 573 662 ad
596 615 651 662 uos
675 597 711 663 ia
733 596 850 662 vestitu
875 597 1001 674 ouium,
1024 606 1061 663 at
1077 597 1288 664 instrinsecus
1301 610 1368 664 sunt

152 704 223 791 lapi
246 723 394 790 rapaces.
420 704 526 789 Neque
550 721 625 769 rero
649 703 678 769 id
702 703 740 785 (si
765 702 860 768 Paulo
889 704 1036 787 ,ipostoio
1059 703 1240 788 eredimus)
1264 706 1363 772 mirum

30 821 80 918 cpp-
95 821 128 875 ¹¹.
154 812 249 878 uideri
273 816 405 896 oportet,
429 810 693 898 quamloqrridem
718 810 787 895 ipse
810 810 957 875 Satanas
973 808 1253 896 troasfipuratur
1267 813 1301 879 in
1314 830 1365 877 un·

74 905 80 918 ’
150 918 260 1005 petam
283 917 387 993 tucia·
410 935 470 982 non
503 934 651 1001 magnum
687 916 794 1001 igitur,
817 915 842 982 si
874 922 906 982 et
939 916 1075 982 ministri
1112 917 1185 983 eius
1218 917 1362 989 haeretici.

150 1023 235 1091 iilius
257 1041 421 1109 personam
446 1023 477 1088 in
501 1041 535 1090 se
559 1022 763 1101 transierunt,
785 1022 874 1107 quasi
899 1023 961 1089 sint
978 1022 1113 1090 ministri
1132 1023 1282 1102 iustitiae,
1297 1042 1361 1110 qno

149 1149 221 1198 rum
246 1131 316 1198 dnis
338 1131 399 1197 erit
421 1131 512 1197 iuxta
534 1147 630 1214 opera
653 1147 774 1197 eorum.

236 1238 434 1322 Quapropter
458 1243 494 1302 ut
517 1236 598 1302 inter
622 1243 743 1302 veteres
765 1235 838 1301 oiim
867 1234 1040 1302 haereticos
1067 1235 1118 1300 aiii
1144 1252 1180 1301 se
1204 1236 1358 1322 angelicos,

148 1345 198 1412 aiii
222 1363 255 1411 se
278 1343 476 1429 apostolicos,
499 1343 549 1409 alii
574 1360 607 1409 se
630 1342 670 1408 ab
692 1342 879 1408 excelientia
903 1341 1049 1408 scientiae
1077 1340 1245 1408 Gnostieos
1268 1341 1356 1427 appei

148 1453 260 1530 lantes,
283 1452 334 1518 aiii
362 1450 497 1535 denique
527 1449 596 1515 aliis
626 1449 731 1515 nescio
760 1448 878 1534 quibus
909 1448 1080 1534 praeclaris
1110 1448 1266 1515 eiusmodi
1297 1448 1356 1515 titu-

148 1560 186 1625 lis
208 1558 381 1625 doctrinam
406 1574 493 1622 suam
530 1557 646 1640 popnio
680 1555 884 1633 venditantes,
909 1572 977 1621 sese
1001 1554 1186 1639 pectoribus
1211 1555 1354 1622 hominnm

147 1664 363 1729 fraudulenter
394 1662 604 1738 insinuarunt,
637 1663 678 1727 ita
714 1669 837 1728 nostrae
873 1661 1066 1747 tempestatis
1101 1661 1266 1742 haeretici,
1298 1678 1354 1728 eun

148 1769 235 1835 initio
259 1775 379 1833 tantum
397 1767 412 1795 *
437 1785 498 1833 non
522 1766 605 1833 Deras
627 1774 709 1834 esset
733 1768 792 1833 iliis
828 1769 997 1845 Lutirerus,
1033 1784 1066 1833 se
1097 1768 1228 1852 quidem
1262 1768 1300 1835 ab
1327 1785 1354 1833 eo

148 1875 343 1940 Lutireranos
365 1870 413 1955 (9)
436 1872 495 1941 dici
519 1874 749 1940 sustinuerunt.
775 1876 810 1939 ‚tt
835 1873 889 1940 ubi
916 1874 1000 1940 Deus
1023 1873 1163 1958 optimus
1189 1874 1352 1940 rnaximus¹

147 1981 306 2067 improbos
329 1981 461 2053 istorum
484 1989 625 2059 conatus,
647 1981 829 2066 opinionum
867 1981 949 2047 inter
980 1997 1014 2047 se
1037 1979 1222 2047 dissidentia
1246 1977 1352 2066 perinde

55 2094 88 2148 ¹¹·
103 2095 123 2140 ⁸·
147 2107 183 2155 ac
206 2088 363 2174 quondam
387 2088 553 2155 temeraria
576 2087 701 2153 iiiornrn
726 2087 895 2165 molimina,
920 2087 975 2173 qui
1000 2090 1050 2170 (ut
1080 2104 1172 2153 saera
1197 2086 1291 2154 refert
1308 2083 1351 2150 Ge·

147 2213 256 2263 ncseos
279 2195 421 2275 historia)
446 2194 559 2261 turrim
584 2194 622 2260 ad
646 2195 768 2260 eoelum
793 2212 896 2280 usque
920 2194 1149 2279 pertingentem
1175 2194 1295 2280 erigere
1314 2209 1351 2258 oo

146 2301 314 2379 nubantur,
338 2301 517 2385 linguarum
541 2300 689 2367 varietate
713 2299 863 2377 confudit,
888 2299 930 2366 ita
962 2307 998 2366 nt
1029 2300 1089 2366 iam
1113 2299 1153 2366 de
1185 2299 1279 2367 certis
1297 2296 1349 2384 qui·

146 2407 277 2475 busdam
302 2406 449 2473 tinernatis
471 2407 510 2472 ab
533 2424 570 2472 eo
593 2406 734 2472 nonrmiii
751 2405 963 2485 dissentirent,
980 2413 1101 2473 mumto
1118 2406 1213 2473 tituio
1227 2414 1258 2473 et
1272 2400 1349 2491 priori

145 2514 270 2580 nomine
294 2512 467 2598 repudiato,
492 2513 690 2598 Erangeiicos
713 2531 746 2579 se
762 2513 973 2579 communiter
988 2513 1172 2598 appeiiitare
1189 2516 1348 2598 coeperunt

145 2620 226 2705 Quid
250 2638 344 2705 porro
369 2621 425 2685 hac
449 2638 523 2686 voce
546 2619 714 2685 blandius?
737 2618 814 2704 quid
838 2619 1002 2685 sanctius?
1025 2618 1101 2704 quid
1125 2619 1307 2686 salubrius?
1325 2617 1348 2680 it

145 2733 254 2793 eontra
276 2726 352 2812 quid
375 2727 561 2793 nocentius?
584 2725 660 2812 quid
684 2725 920 2793 execrabilius?
944 2724 1020 2811 quid
1046 2725 1237 2792 virulentius
1259 2725 1294 2790 iis
1312 2738 1348 2789 er·

145 2832 272 2899 roribus
295 2832 407 2918 impiis,
431 2832 485 2917 qui
509 2832 581 2898 duco
606 2831 700 2898 innius
731 2838 793 2897 tum
829 2832 870 2917 pii
896 2832 1035 2898 nominis
1058 2827 1347 2917 praedicaminum

145 2945 256 3006 centur
279 2947 310 3005 et
333 2939 543 3023 evulgantur?
569 2938 621 3004 iiia
655 2956 791 3023 namque
824 2938 949 3016 veritas
975 2937 1085 3023 gratia,
1120 2954 1197 3022 pax,
1232 2936 1348 3003 saluset

145 3047 209 3113 vita
232 3045 443 3131 promittitur;
468 3045 517 3110 iris
540 3053 645 3111 autem
668 3044 791 3110 diuersa
814 3044 1014 3111 continentur
1037 3043 1151 3122 omnia,
1175 3052 1214 3110 ut
1236 3039 1348 3111 nonam

12 3159 122 3216 vodio·
145 3153 275 3237 nequis
298 3153 357 3218 hoc
389 3152 455 3217 ioco
486 3170 557 3217 cum
590 3153 680 3236 poeta
710 3151 956 3218 exclamauerit:
983 3150 1126 3236 Frigidus
1149 3154 1182 3236 (o
1207 3151 1293 3237 pueri
1313 3148 1347 3214 in·

144 3259 207 3343 gite
231 3260 316 3339 irinc)
341 3259 414 3326 latet
436 3259 548 3344 anguis
571 3259 601 3323 in
626 3259 739 3324 herba.

233 3366 313 3449 Qum
338 3366 474 3449 penitius
496 3365 680 3450 inspectanti
715 3365 790 3431 mini
829 3365 956 3431 titutum
993 3363 1089 3431 istum
1123 3371 1156 3430 et
1179 3356 1373 3450 expendent,

6 3479 116 3524 uentu·
144 3471 332 3548 accuratius,
355 3470 419 3536 duo
442 3471 471 3537 in
498 3471 622 3539 totidem
649 3471 752 3538 verbis
775 3479 951 3537 occurrunt
973 3487 1110 3549 errores,
1128 3471 1214 3556 iique
1229 3468 1348 3556 proiecto

1 3533 42 3577 ntuli
56 3533 127 3576 vorbis

2 3586 123 3693 'ffl'
144 3594 239 3662 quam
263 3577 436 3661 gravissimi
460 3597 496 3644 ac
521 3579 667 3646 latissime
700 3585 849 3664 patentes,
877 3584 989 3663 utpote
1023 3595 1082 3645 cen
1116 3577 1219 3645 fontes
1240 3574 1347 3663 quidm
1375 3568 1378 3573 ’

9 3691 99 3737 vieini·
144 3683 337 3749 infinitarum
375 3686 568 3763 haereseum,
600 3705 638 3752 ne
672 3685 773 3752 dicam
809 3702 888 3769 pene
922 3685 1083 3752 omnium:
1107 3703 1199 3750 anus
1230 3682 1378 3770 quidem*

143 3789 272 3856 liberam
298 3797 404 3875 patere
427 3790 526 3856 cuiuis
548 3791 642 3856 divini
669 3791 754 3856 verbi
779 3791 1056 3876 praedicationem,
1073 3809 1154 3876 quae
1170 3800 1203 3858 et
1219 3792 1291 3858 olim
1305 3783 1348 3854 init
1374 3818 1389 3873 ,Ξ

144 3896 354 3975 Valdensium,
379 3897 605 3965 Vicievicorum
630 3906 660 3963 et
684 3898 928 3978 iiussianorum3
953 3897 1049 3977 alter,
1066 3898 1121 3984 qui
1138 3904 1170 3966 et
1186 3899 1254 3985 ipse
1267 3910 1368 3984 quor.

144 4003 214 4070 dam
239 4004 299 4070 fnit
321 4004 515 4082 driannrum,
540 4002 764 4082 Loliardornm,
788 4004 990 4091 aiiorumque
1013 4022 1107 4091 quam
1132 4005 1274 4090 plurium
1298 4005 1353 4081 hae

143 4111 330 4177 retieorum:
356 4111 432 4176 nihii
456 4120 580 4195 praeter
603 4109 775 4177 evidentem
801 4112 920 4178 veteris
945 4119 976 4179 et
999 4113 1070 4178 novi
1095 4113 1275 4181 testamenti
1291 4108 1351 4180 scri

206 4236 282 4290 ‘tm;
300 4235 331 4281 cs.
350 4234 413 4281 infru
429 4250 452 4294 p.
473 4235 522 4293 (20)

215 4450 224 4480 ¹
243 4453 312 4504 Haec
330 4453 425 4505 locutio
444 4452 597 4518 saepissime
616 4452 729 4508 occurrit
747 4454 774 4506 in
793 4451 919 4508 omnibus
937 4453 1081 4508 iierboruei
1100 4453 1238 4522 operibus.
