3038 5152
274 264 334 331 ¹4¹2
582 282 780 329 cosmarus
802 283 1035 330 ttwrmaxtsttt
1058 282 1176 329 DANlCl.

269 408 325 471 liar
363 408 393 472 in
429 426 463 471 re
494 406 628 489 agimus.
658 426 802 491 qnospte
833 408 864 472 in
897 407 1040 491 reliqniis
1069 406 1323 491 imaginibusque
1353 406 1471 472 colinam.

267 514 345 577 Crini
378 514 482 597 itaque
514 514 554 578 sit
586 513 666 577 taleni
701 514 829 578 ultiniis
859 523 889 578 et
921 514 1067 578 cnltmae
1096 530 1197 597 genias
1222 530 1279 598 per
1310 530 1343 579 se
1365 512 1468 597 quiden

268 620 369 703 pcirno
392 622 518 685 strictis.
542 640 578 684 ac
603 620 744 703 reliquiis
760 620 1012 703 imaginibusque
1033 620 1166 685 alterius
1187 620 1290 704 gratia
1306 628 1338 685 et
1361 619 1472 685 meando

269 726 336 790 toea
360 726 549 809 inmensum.
574 736 608 789 nt
626 727 698 801 illic,
715 727 756 789 ita
774 726 823 790 liic
840 743 968 810 quoque
984 724 1159 791 idololatria
1174 726 1262 791 nulla
1277 725 1474 799 committitur,

268 852 370 918 neque
394 852 469 899 reru
492 834 541 898 liic
564 842 689 916 nantet
713 832 824 898 idiotas
845 850 990 917 quosque
1019 831 1059 897 acl
1091 833 1219 916 plenum
1245 833 1345 897 liuticis
1367 849 1475 897 cenera-

268 940 360 1005 tionis
383 958 474 1005 nesse
499 940 661 1005 rationem.
686 939 722 1004 [ἰ
740 940 755 967 ⁸
779 940 809 1003 in
833 940 903 1004 aliis
925 938 996 1004 lidei
1020 946 1146 1004 nostrae
1168 938 1377 1004 sacramentis
1391 946 1421 1005 et
1440 956 1478 1004 ce

269 1048 426 1121 reninniis
451 1048 491 1111 ita
515 1056 546 1111 et
563 1048 594 1075 ⁸⁸
620 1047 676 1110 liar
702 1047 732 1110 iu
756 1064 792 1110 re
814 1046 897 1119 lmeo
919 1044 1048 1129 quidem
1076 1044 1204 1123 iudicio)
1227 1044 1364 1129 simplici
1396 1045 1480 1110 honri·

268 1172 344 1219 rinm
368 1154 480 1219 tiulue
505 1153 629 1237 publica
653 1151 805 1217 Ecclesiae
828 1150 906 1217 tutes
927 1160 959 1216 et
984 1152 1115 1217 intenlio
1137 1150 1272 1229 sullicit;
1298 1151 1419 1217 tametsi
1442 1168 1484 1217 ne

269 1262 383 1325 minem
407 1261 519 1344 opinor
544 1259 635 1324 lrnlie
657 1258 735 1323 acleo
758 1258 881 1331 raidem,
904 1258 959 1343 qui
984 1258 1043 1323 hac
1074 1267 1163 1342 parte
1184 1258 1358 1343 aliquando
1382 1267 1483 1342 [necet.

268 1367 382 1451 Qiicalsi
401 1386 457 1450 per
472 1385 506 1432 se
523 1367 692 1450 imaginum
709 1374 738 1430 et
755 1373 933 1429 suturarum
957 1382 1037 1430 usus
1060 1363 1253 1430 idololatriae
1269 1366 1435 1448 praeberet
1448 1382 1485 1430 oc·

267 1472 434 1543 canonem,
459 1489 621 1555 uunquam
647 1471 740 1545 lteris,
770 1470 824 1554 qni
848 1470 951 1535 solnm
984 1470 1135 1554 imagines
1162 1469 1341 1535 alienorum
1365 1470 1483 1536 deorun

269 1588 422 1653 uetuerat,
447 1597 502 1662 per
526 1579 629 1643 llosen
655 1578 686 1641 in
708 1575 834 1641 deserto
857 1584 1036 1659 serpentem
1059 1593 1192 1641 aeneum
1218 1593 1278 1659 pro
1306 1576 1395 1661 signo
1417 1574 1482 1659 erigi

168 1676 174 1687 '
206 1678 211 1688 '
270 1685 419 1759 iussisset,
444 1702 516 1747 cnm
542 1683 678 1766 popualus
702 1682 753 1746 ille
776 1682 856 1747 loiret
880 1682 910 1746 in
935 1678 1028 1760 (108)
1052 1680 1258 1747 idololatriam
1283 1681 1400 1767 alioqui
1424 1698 1484 1766 pro

269 1790 481 1874 pensissimns.
505 1790 586 1871 Quin
612 1789 717 1873 paticus
740 1788 818 1853 lune
843 1788 1020 1853 colentibus
1051 1787 1225 1872 plurimum
1251 1788 1398 1854 utilitatis
1420 1789 1482 1853 ima-

268 1896 376 1980 ginum
402 1912 480 1961 usus
501 1893 611 1959 cccllert.
637 1894 788 1978 Imagines
817 1895 901 1959 enim
933 1894 1092 1978 simplices
1123 1893 1299 1971 instruunt,
1330 1894 1481 1960 admonent

269 2002 412 2077 scientes,
436 2000 577 2066 alliciunt
600 2018 709 2066 omnes
726 2003 746 2063 ¹.
771 2000 848 2084 Quis
871 2000 966 2079 enim,
989 2000 1043 2085 qui
1069 1999 1117 2066 rel
1141 2006 1264 2066 statuae
1282 2001 1330 2066 rel
1356 2000 1481 2085 imaginis

270 2108 432 2173 admonitu
466 2107 564 2172 ὓιιιιιι
595 2114 777 2172 suictnmse
807 2115 862 2171 ant
895 2108 1053 2172 lionorans
1075 2114 1131 2172 aut
1154 2106 1304 2172 inuocans
1336 2106 1437 2188 (mocio
1455 2106 1476 2169 in

271 2215 370 2298 guntin
394 2222 425 2279 el
448 2213 602 2279 cliaritale
625 2213 733 2287 luerit)
749 2230 883 2279 coronae
898 2230 974 2278 suae
996 2212 1129 2297 gradum
1145 2212 1316 2297 aliquando
1340 2211 1477 2278 nonalia

274 2321 375 2385 cecil?
398 2321 467 2402 Qtto
490 2318 618 2393 lutura,
643 2328 677 2383 ut
702 2319 872 2403 imaginum
906 2336 984 2384 usus
1013 2319 1056 2384 sit
1083 2318 1208 2403 publice
1231 2318 1432 2403 approbatus,
1454 2322 1475 2380 ct

276 2425 407 2491 cornilio
423 2425 555 2489 Nicaeno
570 2424 707 2490 ,sc-curum
723 2424 736 2460 ²
758 2432 788 2491 et
804 2424 1144 2510 Constantinopolitano
1159 2425 1172 2463 ³
1195 2433 1228 2491 et
1244 2425 1347 2491 tribus
1363 2421 1475 2490 conciliis

271 2530 531 2597 lateranensiluis
546 2534 571 2605 ⁴,
595 2549 689 2615 «parem
721 2532 824 2615 graeci
858 2532 1064 2616 imperatores
1093 2531 1220 2598 circiter
1244 2540 1372 2597 centum
1400 2544 1474 2595 annos

273 2636 434 2721 tyrannice
457 2646 691 2721 oppugnarunt,
715 2638 838 2723 luitque
862 2639 964 2722 potior
987 2656 1082 2703 cansa
1099 2637 1307 2704 transferendi
1332 2657 1350 2703 a
1372 2636 1472 2703 Graecis

271 2743 309 2809 acl
333 2744 505 2809 Gerrrurnns
529 2744 706 2828 imprium.
731 2744 862 2810 Carolus
885 2754 991 2810 autem
1017 2745 1068 2811 ille
1091 2745 1222 2829 llagnus
1245 2751 1384 2830 quatuor
1399 2744 1471 2809 liora

269 2849 437 2916 aduersum
464 2850 664 2915 iconmlasus
687 2851 909 2935 conscripsisse
932 2850 1043 2916 fertur.
1070 2851 1165 2916 lmmo
1182 2850 1312 2917 loannes
1336 2851 1472 2916 [lamasce

271 2975 331 3023 ritis
363 2957 393 3022 in
426 2956 607 3041 quartoue
638 2955 816 3022 outlinloxa
847 2956 907 3023 une
932 2957 1012 3022 lilino
1042 2966 1154 3023 auctor
1185 2963 1233 3023 est
1255 2974 1297 3023 ex
1331 2955 1471 3023 traditione

270 3063 453 3147 ,lposlolica
479 3062 645 3129 Ecclesiam
671 3062 787 3128 lictbere
818 3082 912 3129 usum
945 3063 1127 3148 imaginum,
1152 3072 1273 3130 utnon
1298 3064 1412 3130 iniuria
1439 3058 1475 3125 lic

271 3187 384 3232 rttcsus
407 3168 584 3234 exclamare
611 3170 716 3234 liceat:
740 3176 809 3252 Quo
833 3177 953 3235 teneam
990 3168 1071 3234 nollo
1095 3176 1269 3236 mutantem
1295 3170 1402 3236 Protea
1425 3165 1474 3231 iul·

271 3279 354 3337 turm
381 3273 455 3338 ⁴lani
481 3275 510 3338 in
528 3274 665 3339 secunlo
687 3275 822 3341 articulo
846 3275 964 3360 priscas
980 3275 1133 3342 Ecclesiae
1156 3276 1343 3354 sanctiones,
1365 3288 1474 3343 consue

272 3378 394 3443 triclinus
417 3388 448 3445 et
472 3381 664 3447 ceremonias
686 3399 809 3448 summa
825 3400 897 3448 cum
923 3382 1013 3448 lande
1038 3382 1208 3467 recepistis.
1235 3382 1267 3449 ln
1290 3383 1420 3449 articulo
1431 3394 1475 3443 an·

334 3511 401 3555 mn.

335 3592 357 3609 ⁶·
376 3600 412 3636 nt.

345 3846 352 3876 ¹
374 3847 455 3900 Eiiclr.
477 3849 505 3909 (ι’
525 3846 592 3909 eli:
613 3854 744 3913 (peracutum
765 3862 828 3896 nero
847 3849 878 3899 ad
900 3849 1026 3912 imagines
1051 3847 1149 3911 attinet,
1169 3847 1194 3900 icl
1214 3848 1350 3901 latendum
1374 3842 1476 3902 Cluistia-

273 3936 326 3986 nis:
347 3935 504 3999 liiiiiginilins
524 3936 655 3987 imloctnm
678 3937 773 3997 ringus
793 3935 818 3985 in
838 3939 1010 4001 arc-liotypmn
1031 3936 1100 3999 eluci,
1121 3950 1172 3987 non
1191 3951 1246 4002 quo
1267 3937 1298 3989 iis
1318 3936 1423 3988 tribuant
1437 3928 1476 3979 ali·

273 4026 335 4091 quio
358 4026 470 4076 ιιιιιιιῐιιιμι
483 4053 517 4063 -
531 4040 615 4090 troque
634 4025 703 4076 euim
725 4034 775 4073 tam
791 4026 917 4076 reccircles
930 4024 1139 4077 suntClnistiuui
1152 4025 1248 4076 -sed
1262 4032 1290 4077 nt
1303 4026 1328 4077 in
1342 4026 1403 4091 ipsis
1417 4030 1479 4087 prae·

273 4116 476 4166 clarissimorum
503 4116 619 4164 uirorum
645 4114 794 4175 certamina,
820 4114 898 4164 ritum
926 4115 1058 4180 llelernquc
1083 4120 1208 4179 spectent,
1228 4114 1315 4181 sitque
1334 4118 1383 4167 ltnc
1404 4102 1477 4164 lautis

274 4203 382 4268 pictura,
402 4205 473 4271 ‹pircicl
495 4203 641 4265 legentilnis
660 4210 773 4267 pltareslat
792 4204 928 4267 scriptura.

345 4294 354 4321 ²
374 4309 397 4343 u.
417 4293 477 4344 787.

345 4383 355 4410 ³
376 4383 416 4433 tl'.
436 4398 459 4434 n.
480 4387 539 4433 tllill.

345 4471 354 4499 ⁴
376 4472 456 4524 ‘littus
480 4475 552 4523 iles.
578 4473 652 4523 tlzto.
676 4473 750 4523 llill.
