3038 5152
553 533 942 635 PRAEFATIO

182 794 383 865 comitiorum
406 794 441 864 in
464 793 589 884 negotio
611 793 765 866 Ecclesiae
788 796 863 866 ecta
885 795 1069 866 summatim
1089 797 1317 887 perstringens,

585 918 626 990 ed
649 918 736 1008 pium
758 919 915 990 lectorem.

668 1170 840 1187 mm

233 1808 376 1893 Legimus
398 1808 482 1893 apud
506 1808 631 1875 beatum
657 1809 769 1874 Lucam
795 1808 825 1873 in
850 1824 939 1874 sacra
962 1808 1108 1874 lictorum
1136 1807 1275 1886 historia,
1292 1825 1364 1874 can-

161 1910 216 1980 dide
237 1933 272 1980 ac
295 1914 465 1981 christiane
490 1914 596 1992 lector,
622 1914 741 1999 primos
772 1913 841 1980 illos
874 1913 990 1980 domini
1027 1913 1124 1979 nostri
1159 1914 1226 1980 lesu
1249 1913 1363 1980 Christi

161 2019 311 2101 lpostolos‚
335 2038 415 2105 qnos
438 2021 468 2085 in
493 2020 553 2086 dioc
576 2020 722 2105 elegerat,
747 2028 912 2087 vocaverat
933 2028 965 2086 et
990 2019 1163 2085 miseratio
1182 2019 1364 2086 universnm

162 2126 306 2205 mundum,
331 2133 368 2192 ut
390 2126 545 2212 Evangelii
570 2144 687 2205 semen,
712 2127 813 2211 primo
836 2126 962 2212 quidem
979 2145 998 2192 a
1013 2144 1046 2192 se
1063 2126 1093 2190 in
1111 2126 1221 2193 ludicen
1238 2126 1365 2206 iactum,

161 2226 288 2317 deinceps
311 2232 351 2299 ab
373 2232 419 2299 eis
441 2232 560 2318 ubique
582 2232 722 2317 gentium
749 2232 836 2298 iuxta
863 2234 1089 2317 prophetarum
1124 2233 1252 2298 oracula
1276 2251 1365 2318 spar-

163 2347 288 2416 geretum,
308 2338 401 2404 simul
425 2346 521 2423 atque
544 2338 658 2423 spiritu
683 2346 790 2405 sancto
813 2339 850 2404 ad
877 2339 934 2404 troc
953 2338 1093 2405 muneris
1110 2339 1169 2405 rite
1184 2339 1364 2408 obeundum

166 2436 218 2522 ipso
238 2450 431 2529 pentecostes
453 2444 503 2511 dic
526 2444 638 2510 imbuti
663 2443 804 2522 inissent,
830 2445 871 2510 ita
903 2445 1081 2529 linguarum
1108 2445 1257 2512 varietate
1281 2445 1365 2531 loqui

166 2550 293 2633 coepisse,
319 2558 354 2616 ut
377 2557 533 2636 quotquot
557 2550 776 2633 Hierosolymis
811 2557 878 2616 tum
911 2550 1043 2635 agebam
1076 2551 1176 2617 ludaei
1210 2552 1267 2616 riri
1295 2552 1366 2618 reli-

164 2649 223 2730 uico
243 2675 283 2722 ex
307 2656 393 2722 omni
419 2656 542 2722 natione
565 2673 646 2741 quae
670 2656 730 2721 suli
753 2656 840 2722 coelo
863 2663 920 2734 est,
944 2674 997 2723 eos
1020 2675 1078 2722 sua
1100 2657 1235 2741 quisque
1261 2658 1366 2742 lingna

165 2750 205 2823 Dei
226 2763 376 2846 magnalia
400 2761 614 2846 praedicantes
636 2770 668 2828 et
690 2761 837 2828 audirent
859 2769 890 2828 et
913 2762 1132 2847 intelligerent.
1156 2765 1192 2828 lt
1208 2781 1283 2829 vero
1305 2783 1364 2828 non

164 2863 272 2935 minoris
297 2868 469 2935 industriae
493 2886 616 2952 semper
632 2874 728 2954 atque
745 2868 871 2934 virtutis
895 2869 1035 2935 tinnitum
1060 2877 1107 2934 est
1131 2868 1206 2934 viris
1222 2869 1367 2952 sapienti·
1391 2882 1502 2946 sunem

165 2962 211 3038 bns
229 2983 315 3059 parta
340 2975 432 3051 tueri,
455 2992 550 3059 quom
575 2993 655 3040 nora
677 2992 840 3059 quaerere.
867 2975 939 3053 lmo,
964 2993 1033 3040 mea
1057 2975 1182 3059 quidem
1204 2975 1367 3052 sententia,

166 3076 232 3144 lanto
266 3081 394 3146 unaioris
429 3081 458 3147 id
494 3080 595 3147 laudis
625 3081 826 3158 censendum,
850 3089 968 3165 quondo
1003 3082 1103 3147 mains
1137 3087 1185 3146 est
1222 3079 1367 3158 dedecus

165 3182 225 3250 leste
243 3186 390 3270 Crispo¹,
415 3194 503 3271 perta
526 3187 683 3264 amittere,
707 3205 800 3271 quam
825 3188 951 3252 omnino
976 3205 1035 3251 non
1068 3187 1235 3270 paravisse.
1262 3186 1368 3272 ltaque

166 3298 212 3354 loo
231 3309 398 3376 possumus
422 3311 482 3358 non
505 3292 667 3369 demirari,
688 3294 892 3377 quamohrem
919 3294 1002 3358 lesus
1025 3291 1169 3358 Christus
1188 3293 1246 3358 liei
1259 3293 1368 3358 virtu-c
1387 3307 1515 3359 ocor-or

166 3402 187 3452 ct
204 3400 362 3482 cupientia
386 3399 491 3476 (cuios
514 3406 599 3465 certe
633 3418 694 3464 nou
727 3408 773 3465 est
796 3399 978 3465 abbreviata
1002 3399 1125 3481 monus)
1148 3400 1264 3465 donum
1290 3399 1366 3465 illud

168 3492 333 3585 linguarum,
350 3505 433 3590 quod
457 3506 566 3590 primis
589 3505 741 3590 Apostolis
764 3506 830 3570 suis
853 3505 984 3589 spiritns
1007 3505 1103 3570 sancti
1129 3505 1278 3572 beneficio
1295 3525 1368 3572 ron·

170 3606 228 3687 tulit,
248 3612 285 3676 ad
310 3611 514 3696 plantandum
538 3629 633 3678 suum
670 3613 700 3677 in
730 3612 824 3678 terris
856 3611 1066 3697 Evangelium
1092 3630 1153 3678 non
1178 3612 1249 3678 item
1277 3612 1367 3678 liodie

170 3705 343 3798 impartiatur
367 3736 425 3802 pro
448 3717 614 3803 Evangelio
638 3736 696 3784 sno
718 3717 758 3783 ab
782 3718 909 3784 interitu
934 3717 1101 3784 asserendo
1126 3719 1213 3783 novis
1241 3718 1306 3783 istis
1327 3717 1364 3799 tsi

169 3813 214 3886 deo
234 3824 344 3908 placet)
368 3823 571 3908 Euangelistis
606 3830 638 3890 ct
672 3823 833 3908 Apostolis
857 3824 1004 3908 spiritum
1036 3824 1164 3909 alloquii,
1196 3824 1294 3908 plenis
1318 3830 1367 3906 (nt

166 3925 246 4009 dont)
262 3930 368 3996 buccis
384 3929 504 4014 ubique
527 3929 740 4015 crepantibus
764 3930 788 3996 si
813 3929 910 4014 (qnod
935 3930 983 3996 isti
1010 3930 1162 4012 iactitant)
1188 3930 1216 3995 in
1244 3931 1301 3996 noc
1324 3929 1368 3995 di-

159 4033 261 4102 uinitus
284 4035 384 4113 electi,
409 4034 508 4102 vocati
533 4042 565 4102 et
599 4035 683 4102 missi
719 4036 790 4112 sim,
815 4043 850 4100 nt
876 4036 1088 4121 Evangelicam
1115 4036 1275 4103 ueritatem
1306 4035 1365 4100 ium

212 4375 220 4405 ¹
245 4373 357 4440 Satist,
377 4374 441 4427 Bell.
462 4375 579 4439 lngrirtlr.
597 4387 620 4427 c.
639 4374 682 4426 dt.
701 4388 725 4425 o.
748 4373 789 4425 ⁴7.
