3038 5152
505 266 618 315 rnrnos
641 265 847 316 concucssrs.
1248 255 1290 317 77

56 391 120 457 mm
145 390 191 475 (ni
210 389 314 473 satior)
337 408 398 456 non
424 390 545 457 minore
568 399 635 457 tum
660 391 741 470 luce,
766 401 832 458 tum
858 392 1006 472 efficacia,
1029 391 1149 459 candidi
1167 392 1292 461 lectoris

57 496 177 564 iudicio
200 496 377 564 docuimus.
394 496 459 563 Nou
485 496 581 582 igitur
598 515 653 564 ros
671 497 869 583 Evangeiieos
884 498 1119 566 concionatores
1134 499 1292 584 appellare

56 602 233 681 debebatis,
257 620 330 670 cum
355 603 433 669 nihil
458 603 562 670 miuus
584 603 663 682 sitis,
686 610 718 670 at
741 604 857 688 potins,
873 604 1136 690 quemadmodum
1161 605 1191 671 iu
1216 623 1292 690 sup·

58 709 229 797 plicatione
252 715 358 776 restra
380 708 419 775 ad
444 709 561 794 regiam
585 709 785 789 Maiestatem,
809 711 1044 778 concionatores
1068 711 1179 798 regios.

153 816 197 882 En
223 815 288 894 tibi,
311 815 363 901 pie
388 816 495 894 lector,
518 823 668 900 qrrantam
691 815 812 882 dicendi
839 815 999 884 materiem
1023 817 1087 883 duo
1112 823 1232 884 tantum
1253 817 1292 884 ti-

60 922 118 989 tuli
145 922 296 1008 propositi
321 921 418 988 rerba
441 920 532 988 uobis
554 921 806 1007 suppeditarunt,
830 928 862 989 et
884 922 955 1007 plus
979 922 1010 989 in
1041 940 1167 990 recessu
1200 940 1292 990 vene·

60 1028 125 1095 nati
150 1028 251 1095 aculei
269 1027 414 1094 habentia
436 1026 497 1110 (uti
521 1026 684 1114 diximus),
707 1046 802 1113 quam
827 1027 929 1096 fronte
952 1046 1078 1113 praese
1102 1028 1184 1096 terre
1208 1029 1292 1097 vide·

60 1135 192 1214 bantur,
215 1151 328 1220 nempe
352 1133 478 1201 totidem
504 1133 593 1200 bases
616 1134 782 1201 universae
806 1135 954 1202 haeresos
987 1134 1186 1202 includenda.
1210 1135 1291 1220 Quid

60 1241 221 1319 futurum,
245 1240 271 1308 si
295 1240 361 1326 pari
386 1239 490 1307 studio
513 1239 766 1324 expenderemus
788 1259 825 1307 ac
848 1247 1057 1308 tractaremus
1079 1241 1210 1307 omnia?
1234 1243 1293 1310 Ve-

63 1365 137 1415 rum
163 1346 338 1433 prolixitati
362 1353 487 1414 nostrae
511 1345 632 1413 reniam
657 1353 831 1432 precantes
855 1347 880 1413 si
904 1347 980 1432 quid
1005 1347 1085 1413 hanc
1114 1347 1143 1413 in
1169 1355 1290 1432 partem

61 1472 80 1521 a
103 1471 156 1521 me
180 1461 345 1540 peccatum
363 1453 413 1532 sit,
430 1470 494 1539 qua
510 1458 613 1519 umen
630 1470 727 1538 opera
741 1452 844 1520 dedita
860 1453 909 1520 usi
926 1471 1039 1520 sununs
1054 1453 1092 1520 ad
1109 1453 1292 1521 subruenda

61 1559 160 1628 totius
183 1566 288 1627 sectae
310 1558 524 1638 fundamenta,
547 1557 578 1625 id
601 1557 685 1644 quod
710 1566 741 1625 et
764 1565 819 1625 tuo
843 1558 958 1625 indicio
981 1558 1097 1626 factum
1129 1559 1291 1639 existimo;

60 1666 193 1752 posthac
216 1665 249 1732 in
273 1673 412 1751 utroque
434 1681 605 1751 congressu
629 1670 780 1750 sequente
803 1663 965 1732 breviores
988 1681 1056 1732 esse
1083 1665 1292 1733 decrevimus.
